@BOOK {robertlove2010,
	author    = "Robert Love",
	title     = "Linux Kernel Development",
	publisher = "Developer's Library",
	year      = "2010",
	edition   = "third"
}
@ONLINE {redhat2016,
    author = "Red Hat",
    title  = "4.2 CPU Scheduling",
    month  = "jan",
    year   = "2016",
    url    = "https://access.redhat.com/documentation/en-US/RedHatEnterpriseLinux/6/html/PerformanceTuningGuide/s-cpu-scheduler.html"
}
@ONLINE {msprocess2016,
    author = "MSDN",
    title  = "About Processes and Threads",
    month  = "jan",
    year   = "2016",
    url    = "https://msdn.microsoft.com/en-us/library/windows/desktop/ms681917"
}
@ONLINE {msschedule2016,
    author = "MSDN",
    title  = "Scheduling Priorities",
    month  = "jan",
    year   = "2016",
    url    = "https://msdn.microsoft.com/en-us/library/windows/desktop/ms685100"
}
@ONLINE {msprocstruct2016,
    author = "MSDN",
    title  = "PROCESS\_INFORMATION structure",
    month  = "jan",
    year   = "2016",
    url    = "https://msdn.microsoft.com/en-us/library/windows/desktop/ms684873"
}
@ONLINE {linustorvalds2016,
    author = "Linus Torvalds",
    title  = "sched.h",
    month  = "mar",
    year   = "2016",
    url    = "https://github.com/torvalds/linux/blob/master/include/linux/sched.h"
}
@ONLINE {mshandle2016,
    author = "MSDN",
    title  = "Handles and Objects",
    month  = "jan",
    year   = "2016",
    url    = "https://msdn.microsoft.com/en-us/library/windows/desktop/ms724457"
}
@ONLINE {msproccreate2016,
	 author = "MSDN",
	 title  = "Creating Processes",
	 month  = "jan",
	 year   = "2016",
	 url    = "https://msdn.microsoft.com/en-us/library/windows/desktop/ms682512"
}
@ONLINE {msthreadcreate2016,
    author = "MSDN",
    title  = "Creating Threads",
    month  = "jan",
    year   = "2016",
    url    = "https://msdn.microsoft.com/en-us/library/windows/desktop/ms682516"
}
@ONLINE {msthreadstate2016,
    author = "MSDN",
    title  = "ThreadState Enumeration",
    month  = "jan",
    year   = "2016",
    url    = "https://msdn.microsoft.com/en-us/library/system.diagnostics.threadstate(v=vs.110).aspx"
}
@ONLINE {freebsdstruct2016,
    author = "FreeBSD",
    title  = "struct proc Structure",
    month  = "jan",
    year   = "2016",
    url    = "http://people.freebsd.org/~meganm/data/tutorials/ddwg/ddwg63.html"
}
@BOOK {kirkgeorgebsd,
    author    = "Kirk McCusick and George V. Neville-Neil",
    title     = "Design and Implementation of the FreeBSD Operating System",
    publisher = "Pearson Education",
    year      = "2015",
    edition   = "second"
}
