@ONLINE {design,
    author = "Idris Zoher Bholebawa, Upena D. Dalal",
    title  = "Design and Performance Analysis of OpenFlow-Enabled Network Topologies Using Mininet",
    month  = "July",
    year   = "2015",
    url    = "http://www.ijcce.org/vol5/469-CT013.pdf"
}

