@BOOK {robertlove2010,
	author    = "Robert Love",
	title     = "Linux Kernel Development",
	publisher = "Developer's Library",
	year      = "2010",
	edition   = "third"
}
@ONLINE {redhat2016,
    author = "Red Hat",
    title  = "4.2. CPU Scheduling",
    month  = "jan",
    year   = "2016",
    url    = "https://access.redhat.com/documentation/en-US/Red_Hat_Enterprise_Linux/6/html/Performance_Tuning_Guide/s-cpu-scheduler.html"
}
