@ONLINE {johnm.2014,
    author = "John M.",
    title  = "Intel Digital Random Number Generator (DRNG) Software Implementation Guide",
    month  = "may",
    year   = "2014",
    url    = "https://software.intel.com/en-us/articles/intel-digital-random-number-generator-drng-software-implementation-guide"
}
@ONLINE {anthonyl.2010,
    author = "Anthony Liguori",
    title  = "QEMU Emulator User Documentation",
    month  = "jan",
    year   = "2010",
    url    = "http://wiki.qemu.org/download/qemu-doc.html"
}
