@ONLINE {googlesec,
	author = "Bodo Moller",
	title  = "This POODLE bites: exploiting the SSL 3.0 fallback",
	month  = "October",
	year   = "2014",
	url    = "https://security.googleblog.com/2014/10/this-poodle-bites-exploiting-ssl-30.html"
}
@ONLINE {POODLE,
	author = "Bodo MOller, Thai Duong, Krzysztof Kotowicz",
	title  = "This POODLE Bites: Exploiting The SSL 3.0 Fallback",
	month  = "Octoboer",
	year   = "2014",
	url    = "https://www.openssl.org/~bodo/ssl-poodle.pdf"
}
