@ONLINE {dockersec,
	author = "Docker",
	title  = "Introduction to Container Security",
	month  = "August",
	year   = "2016",
	url    = "https://www.docker.com/sites/default/files/WP_IntrotoContainerSecurity_08.19.2016.pdf"
}

@ONLINE {linxcounter,
	author = "Linuxcounter.net",
	title  = "Lines of code of the Linux Kernel Versions",
	month  = "May",
	year   = "2017",
	url    = "https://www.linuxcounter.net/statistics/kernel"
}

@ONLINE {microkernelperformance,
	author = "Hermann Hartig, Michael Hohmuth, Johen Liedtke, Sebastian Schonberg, Jean Wolter",
	title = "The Performance of u-Kernel-Based Systems",
	month = "October",
	year = "1997",
	url = "os.inf.tu-dresden.de/pubs/sosp97"
}

@ONLINE {seL4FAQ,
	author = "Gernot",
	title = "Frequently Asked Questions",
	month = "September",
	year = "2016",
	url = "https://wiki.sel4.systems/FrequentlyAskedQuestions"
}