@BOOK {robertlove2010,
	author    = "Robert Love",
	title     = "Linux Kernel Development",
	publisher = "Developer's Library",
	year      = "2010",
	edition   = "third"
}
@ONLINE {freebsd2016,
    author = "FreeBSD",
    title  = "2.6. IO System",
    month  = "jan",
    year   = "2016",
    url    = "https://www.freebsd.org/doc/enUS.ISO8859-1/books/design-44bsd/overview-io-system.html"
}
@ONLINE {freebsdstruct2016,
    author = "FreeBSD",
    title  = "struct proc Structure",
    month  = "jan",
    year   = "2016",
    url    = "http://people.freebsd.org/~meganm/data/tutorials/ddwg/ddwg63.html"
}
@BOOK {kirkgeorgebsd,
    author    = "Kirk McCusick and George V. Neville Neil",
    title     = "Design and Implementation of the FreeBSD Operating System",
    publisher = "Pearson Education",
    year      = "2015",
    edition   = "second"
}
@BOOK {internals2,
    author    = "Mark Russinovich David Solomon and Alex Ionescu",
    title     = "Windows Internals Part 2",
    publisher = "Microsoft Press",
    year      = "2012",
    edition   = "sixth"
}
