@BOOK {robertlove2010,
	author    = "Robert Love",
	title     = "Linux Kernel Development",
	publisher = "Developer's Library",
	year      = "2010",
	edition   = "third"
}
@ONLINE {freebsdstruct2016,
    author = "FreeBSD",
    title  = "struct proc Structure",
    month  = "jan",
    year   = "2016",
    url    = "http://people.freebsd.org/~meganm/data/tutorials/ddwg/ddwg63.html"
}
@BOOK {kirkgeorgebsd,
    author    = "Kirk McCusick and George V. Neville-Neil",
    title     = "Design and Implementation of the FreeBSD Operating System",
    publisher = "Pearson Education",
    year      = "2015",
    edition   = "second"
}
